
@article{goncalves_vector_2010,
	title = {Vector fields for robot navigation along time-varying curves in \$ n \$-dimensions},
	volume = {26},
	url = {http://ieeexplore.ieee.org/abstract/document/5504176/},
	number = {4},
	urldate = {2017-09-25TZ},
	journal = {IEEE Transactions on Robotics},
	author = {Gonçalves, Vinícius M. and Pimenta, Luciano CA and Maia, Carlos A. and Dutra, Bruno CO and Pereira, Guilherme AS},
	year = {2010},
	pages = {647--659}
}

@inproceedings{zhou_vector_2014,
	title = {Vector field following for quadrotors using differential flatness},
	isbn = {978-1-4799-3685-4},
	url = {http://ieeexplore.ieee.org/document/6907828/},
	doi = {10.1109/ICRA.2014.6907828},
	urldate = {2017-09-25TZ},
	publisher = {IEEE},
	author = {Zhou, Dingjiang and Schwager, Mac},
	month = may,
	year = {2014},
	pages = {6567--6572}
}

@article{jung_unmanned_2016,
	title = {Unmanned {Aircraft} {Vector} {Field} {Path} {Following} with {Arrival} {Angle} {Control}},
	volume = {84},
	issn = {0921-0296, 1573-0409},
	url = {http://link.springer.com/10.1007/s10846-016-0332-5},
	doi = {10.1007/s10846-016-0332-5},
	language = {en},
	number = {1-4},
	urldate = {2017-09-25TZ},
	journal = {Journal of Intelligent \& Robotic Systems},
	author = {Jung, Wooyoung and Lim, Seunghan and Lee, Dongjin and Bang, Hyochoong},
	month = dec,
	year = {2016},
	pages = {311--325}
}

@inproceedings{otto_uncertain_2010,
	title = {Uncertain 2D vector field topology},
	volume = {29},
	url = {http://onlinelibrary.wiley.com/doi/10.1111/j.1467-8659.2009.01604.x/full},
	urldate = {2017-09-25TZ},
	booktitle = {Computer {Graphics} {Forum}},
	publisher = {Wiley Online Library},
	author = {Otto, Mathias and Germer, Tobias and Hege, Hans-Christian and Theisel, Holger},
	year = {2010},
	pages = {347--356}
}

@inproceedings{chen_tracking_2009,
	title = {Tracking with {UAV} using tangent-plus-{Lyapunov} vector field guidance},
	url = {http://ieeexplore.ieee.org/abstract/document/5203870/},
	urldate = {2017-09-25TZ},
	booktitle = {Information {Fusion}, 2009. {FUSION}'09. 12th {International} {Conference} on},
	publisher = {IEEE},
	author = {Chen, Hongda and Chang, KuoChu and Agate, Craig S.},
	year = {2009},
	pages = {363--372}
}

@article{liang_tangent_2017,
	title = {Tangent vector field approach for curved path following with input saturation},
	volume = {104},
	issn = {01676911},
	url = {http://linkinghub.elsevier.com/retrieve/pii/S0167691117300671},
	doi = {10.1016/j.sysconle.2017.04.001},
	language = {en},
	urldate = {2017-09-25TZ},
	journal = {Systems \& Control Letters},
	author = {Liang, Yueqian and Jia, Yingmin},
	month = jun,
	year = {2017},
	pages = {49--58}
}

@inproceedings{miao_orthogonal_2016,
	title = {Orthogonal vector field-based control for a multi-robot system circumnavigating a moving target in 3D},
	url = {http://ieeexplore.ieee.org/abstract/document/7799191/},
	urldate = {2017-09-25TZ},
	booktitle = {Decision and {Control} ({CDC}), 2016 {IEEE} 55th {Conference} on},
	publisher = {IEEE},
	author = {Miao, Zhiqiang and Thakur, Divya and Erwin, R. Scott and Pierre, Jean and Wang, Yaonan and Fierro, Rafael},
	year = {2016},
	pages = {6004--6009}
}

@article{pandey_mobile_2017,
	title = {Mobile {Robot} {Navigation} and {Obstacle} {Avoidance} {Techniques}: {A} {Review}},
	volume = {2},
	shorttitle = {Mobile {Robot} {Navigation} and {Obstacle} {Avoidance} {Techniques}},
	url = {https://www.researchgate.net/profile/Dr_Anish_Pandey/publication/317101750_Mobile_Robot_Navigation_and_Obstacle_Avoidance_Techniques_A_Review/links/59266dad458515e3d45393b3/Mobile-Robot-Navigation-and-Obstacle-Avoidance-Techniques-A-Review.pdf},
	number = {3},
	urldate = {2017-09-25TZ},
	journal = {Int Rob Auto J},
	author = {Pandey, A. and Pandey, S. and Parhi, D. R.},
	year = {2017},
	pages = {00022}
}

@inproceedings{de_marina_guidance_2017,
	title = {Guidance algorithm for smooth trajectory tracking of a fixed wing {UAV} flying in wind flows},
	url = {http://ieeexplore.ieee.org/abstract/document/7989674/},
	urldate = {2017-09-25TZ},
	booktitle = {Robotics and {Automation} ({ICRA}), 2017 {IEEE} {International} {Conference} on},
	publisher = {IEEE},
	author = {de Marina, Hector Garcia and Kapitanyuk, Yuri A. and Bronz, Murat and Hattenberger, Gautier and Cao, Ming},
	year = {2017},
	pages = {5740--5745}
}

@inproceedings{pimenta_fully_2007,
	title = {Fully continuous vector fields for mobile robot navigation on sequences of discrete triangular regions},
	url = {http://ieeexplore.ieee.org/abstract/document/4209378/},
	urldate = {2017-09-25TZ},
	booktitle = {Robotics and {Automation}, 2007 {IEEE} {International} {Conference} on},
	publisher = {IEEE},
	author = {Pimenta, Luciano CA and Pereira, Guilherme AS and Mesquita, Renato C.},
	year = {2007},
	pages = {1992--1997}
}

@book{gerlach_autonomous_2014,
	title = {Autonomous {Path}-{Following} by {Approximate} {Inverse} {Dynamics} and {Vector} {Field} {Prediction}},
	url = {http://search.proquest.com/openview/432d738d856bf0a9b46acea1b1eee08f/1?pq-origsite=gscholar&cbl=18750&diss=y},
	urldate = {2017-09-25TZ},
	publisher = {University of Cincinnati},
	author = {Gerlach, Adam R.},
	year = {2014}
}

@phdthesis{selby_autonomous_2011,
	title = {Autonomous navigation and tracking of dynamic surface targets on-board a computationally impoverished aerial vehicle},
	url = {https://dspace.mit.edu/handle/1721.1/67801},
	urldate = {2017-09-25TZ},
	school = {Massachusetts Institute of Technology},
	author = {Selby, William Clayton},
	year = {2011}
}

@article{nelson_cooperative_2005,
	title = {Cooperative control of miniature air vehicles},
	url = {http://scholarsarchive.byu.edu/etd/1095/},
	urldate = {2017-09-25TZ},
	author = {Nelson, Derek R.},
	year = {2005}
}

@article{meenakshisundaram_vector_2010,
	title = {Vector field guidance for path following of {MAVs} in three dimensions for variable altitude maneuvers},
	volume = {2},
	url = {http://journals.sagepub.com/doi/abs/10.1260/1756-8293.2.4.255},
	number = {4},
	urldate = {2017-09-25TZ},
	journal = {International Journal of Micro Air Vehicles},
	author = {Meenakshisundaram, Vaitheeswaran S. and Gundappa, Venkatanarayana K. and Kanth, B. Sashi},
	year = {2010},
	pages = {255--265}
}

@article{borenstein_vector_1991,
	title = {The vector field histogram-fast obstacle avoidance for mobile robots},
	volume = {7},
	url = {http://ieeexplore.ieee.org/abstract/document/88137/},
	number = {3},
	urldate = {2017-09-25TZ},
	journal = {IEEE transactions on robotics and automation},
	author = {Borenstein, Johann and Koren, Yoram},
	year = {1991},
	pages = {278--288}
}

@article{yang_survey_2016,
	title = {Survey of {Robot} 3D {Path} {Planning} {Algorithms}},
	volume = {2016},
	issn = {1687-5249, 1687-5257},
	url = {http://www.hindawi.com/journals/jcse/2016/7426913/},
	doi = {10.1155/2016/7426913},
	language = {en},
	urldate = {2017-09-25TZ},
	journal = {Journal of Control Science and Engineering},
	author = {Yang, Liang and Qi, Juntong and Song, Dalei and Xiao, Jizhong and Han, Jianda and Xia, Yong},
	year = {2016},
	pages = {1--22}
}

@inproceedings{borenstein_real-time_1990,
	title = {Real-time obstacle avoidance for fast mobile robots in cluttered environments},
	url = {http://ieeexplore.ieee.org/abstract/document/126042/},
	urldate = {2017-09-25TZ},
	booktitle = {Robotics and {Automation}, 1990. {Proceedings}., 1990 {IEEE} {International} {Conference} on},
	publisher = {IEEE},
	author = {Borenstein, Johann and Koren, Yoram},
	year = {1990},
	pages = {572--577}
}

@inproceedings{loizou_closed_2003,
	title = {Closed loop motion planning and control for mobile robots in uncertain environments},
	volume = {3},
	url = {http://ieeexplore.ieee.org/abstract/document/1273070/},
	urldate = {2017-09-25TZ},
	booktitle = {Decision and {Control}, 2003. {Proceedings}. 42nd {IEEE} {Conference} on},
	publisher = {IEEE},
	author = {Loizou, Savvas G. and Tanner, Herbert G. and Kumar, Vijay and Kyriakopoulos, Kostas J.},
	year = {2003},
	pages = {2926--2931}
}

@inproceedings{esposito_method_2002,
	title = {A method for modifying closed-loop motion plans to satisfy unpredictable dynamic constraints at runtime},
	volume = {2},
	url = {http://ieeexplore.ieee.org/abstract/document/1014785/},
	urldate = {2017-09-25TZ},
	booktitle = {Robotics and {Automation}, 2002. {Proceedings}. {ICRA}'02. {IEEE} {International} {Conference} on},
	publisher = {IEEE},
	author = {Esposito, Joel M. and Kumar, Vijay},
	year = {2002},
	pages = {1691--1696}
}

@article{martinez_-board_2011,
	title = {On-board and {Ground} {Visual} {Pose} {Estimation} {Techniques} for {UAV} {Control}},
	volume = {61},
	issn = {0921-0296, 1573-0409},
	url = {http://link.springer.com/10.1007/s10846-010-9505-9},
	doi = {10.1007/s10846-010-9505-9},
	language = {en},
	number = {1-4},
	urldate = {2016-10-16TZ},
	journal = {Journal of Intelligent \& Robotic Systems},
	author = {Martínez, Carol and Mondragón, Iván F. and Olivares-Méndez, Miguel A. and Campoy, Pascual},
	month = jan,
	year = {2011},
	pages = {301--320}
}

@inproceedings{colmenares-vazquez_integral_2015,
	title = {Integral backstepping control for trajectory tracking of a hybrid vehicle},
	url = {https://hal.archives-ouvertes.fr/hal-01211121/},
	urldate = {2016-10-14TZ},
	booktitle = {International {Conference} on {Unmanned} {Aircraft} {Systems} ({ICUAS})},
	author = {Colmenares-Vázquez, J. and Marchand, Nicolas and Castillo, Pedro and Gomez-Balderas, Jose-Ernesto and Álvarez-Muñoz, J. U. and Téllez-Guzmán, J. J.},
	year = {2015},
	pages = {209--217}
}

@misc{center_for_history_and_new_media_zotero_nodate,
	title = {Zotero {Quick} {Start} {Guide}},
	url = {http://zotero.org/support/quick_start_guide},
	author = {{Center for History and New Media}}
}